<?xml version="1.0" encoding="UTF-8"?><collection xmlns="http://www.loc.gov/MARC21/slim"><record><leader>00320nam--2200121-i-4500</leader><controlfield tag="001">000027906</controlfield><controlfield tag="002">20161230</controlfield><controlfield tag="005">20161230201037</controlfield><controlfield tag="008">060222s1000------------r-----000-0-eng-d</controlfield><datafield ind1=" " ind2=" " tag="100"><subfield code="a">Lee, B.W., Kim, C.W</subfield></datafield><datafield ind1=" " ind2=" " tag="245"><subfield code="a">Neutrino - production of pions</subfield></datafield><datafield ind1=" " ind2=" " tag="260"><subfield code="a">/Washington, U.S.Atomic Energy Commis., 1964/, 9p</subfield></datafield><datafield ind1=" " ind2=" " tag="852"><subfield code="a">19814</subfield></datafield></record></collection>